@Article{Fampa,
  author =	 {M. Fampa,·L.A. Barroso,·D. Candal,·L. Simonetti},
  title =	 {Bilevel optimization applied to strategic pricing in competitive electricity markets},
  journal =	 {Computational Optimization and Applicationss},
  year =	 2008,
  volume =	 39,
  pages =	 {121-142}
}

@Article{Marcotte,
  author =	 {Bak, P. and Sneppen, K.},
  title =	 {Mixed-Integer Programming Formulation},
  year =	 1993,
  volume =	 71,
  pages =	 {4083-4086}
}